<?xml version = "1.0" encoding = "UTF-8"?><record>
  <leader>00759nas#a2200253#c#4500</leader>
  <controlfield tag="005">20210408133809.0</controlfield>
  <controlfield tag="007">tu</controlfield>
  <controlfield tag="008">011214m20019999xxk#|#m#######|####|####c</controlfield>
  <controlfield tag="003">DE-605</controlfield>
  <controlfield tag="001">990115462560206441</controlfield>
  <datafield tag="016" ind1="7" ind2=" ">
    <subfield code="a">1046446696</subfield>
    <subfield code="2">OCoLC</subfield>
  </datafield>
  <datafield tag="035" ind1=" " ind2=" ">
    <subfield code="a">(DE-605)HT013220743</subfield>
  </datafield>
  <datafield tag="040" ind1=" " ind2=" ">
    <subfield code="a">6</subfield>
    <subfield code="b">ger</subfield>
    <subfield code="e">rakwb</subfield>
  </datafield>
  <datafield tag="044" ind1=" " ind2=" ">
    <subfield code="c">XA-GB</subfield>
  </datafield>
  <datafield tag="110" ind1="2" ind2=" ">
    <subfield code="a">Europ&#228;ische Menschenrechtskonvention</subfield>
    <subfield code="f">1950 November 4</subfield>
    <subfield code="0">(DE-588)4015727-1</subfield>
    <subfield code="4">aut</subfield>
    <subfield code="0">(uri) https://portal.dnb.de/opac.htm?method=simpleSearch&amp;cqlMode=true&amp;query=idn=04015727X</subfield>
    <subfield code="0">(uri) http://viaf.org/viaf/sourceID/DNB|04015727X</subfield>
    <subfield code="B">GND-04015727X</subfield>
  </datafield>
  <datafield tag="245" ind1="1" ind2="0">
    <subfield code="a">Oxford European Convention on Human Rights series</subfield>
  </datafield>
  <datafield tag="246" ind1="3" ind2=" ">
    <subfield code="a">Oxford ECHR series</subfield>
  </datafield>
  <datafield tag="246" ind1="1" ind2=" ">
    <subfield code="i">Nebent.</subfield>
    <subfield code="a">Oxford ECHR series</subfield>
  </datafield>
  <datafield tag="264" ind1="3" ind2="1">
    <subfield code="a">Oxford [u.a.]</subfield>
    <subfield code="b">Oxford Univ. Press</subfield>
    <subfield code="c">2001-</subfield>
  </datafield>
  <datafield tag="362" ind1="0" ind2=" ">
    <subfield code="a">1.2001 -</subfield>
  </datafield>
  <datafield tag="964" ind1="0" ind2="s">
    <subfield code="F">030</subfield>
    <subfield code="A">a|1uc||||||27</subfield>
  </datafield>
  <datafield tag="964" ind1="0" ind2="s">
    <subfield code="F">050</subfield>
    <subfield code="A">a|||||||||||||</subfield>
  </datafield>
  <datafield tag="964" ind1="0" ind2="s">
    <subfield code="F">052</subfield>
    <subfield code="A">r||||||||||||||</subfield>
  </datafield>
  <datafield tag="035" ind1=" " ind2=" ">
    <subfield code="a">(OCoLC)1046446696</subfield>
    <subfield code="0">(uri) http://www.worldcat.org/oclc/1046446696</subfield>
  </datafield>
  <datafield tag="MBD" ind1=" " ind2=" ">
    <subfield code="M">49HBZ_NETWORK</subfield>
    <subfield code="i">990115462560206441</subfield>
    <subfield code="n">HBZ Network</subfield>
  </datafield>
  <datafield tag="MNG" ind1=" " ind2=" ">
    <subfield code="c">System</subfield>
    <subfield code="f">ILS</subfield>
    <subfield code="i">marc21</subfield>
    <subfield code="k">01</subfield>
    <subfield code="e">false</subfield>
    <subfield code="d">2021-05-07 04:15:49 Europe/Berlin</subfield>
    <subfield code="g">011546256-HBZ01</subfield>
    <subfield code="j">60</subfield>
    <subfield code="a">import</subfield>
    <subfield code="b">2021-04-06 03:14:25 Europe/Berlin</subfield>
  </datafield>
  <datafield tag="GEL" ind1=" " ind2="0">
    <subfield code="a">Convention for the Protection of Human Rights and Fundamental Freedoms</subfield>
    <subfield code="f">1950 November 4</subfield>
    <subfield code="A">GND</subfield>
    <subfield code="B">GND-04015727X</subfield>
    <subfield code="C">430</subfield>
  </datafield>
  <datafield tag="GEL" ind1=" " ind2="0">
    <subfield code="a">Convention europe&#769;enne des droits de l&apos;homme</subfield>
    <subfield code="f">1950 November 4</subfield>
    <subfield code="A">GND</subfield>
    <subfield code="B">GND-04015727X</subfield>
    <subfield code="C">430</subfield>
  </datafield>
  <datafield tag="GEL" ind1=" " ind2="0">
    <subfield code="a">Europa&#776;ische Konvention zum Schutze der Menschenrechte und Grundfreiheiten</subfield>
    <subfield code="f">1950 November 4</subfield>
    <subfield code="A">GND</subfield>
    <subfield code="B">GND-04015727X</subfield>
    <subfield code="C">430</subfield>
  </datafield>
  <datafield tag="GEL" ind1=" " ind2="0">
    <subfield code="a">Konvention zum Schutze der Menschenrechte und Grundfreiheiten</subfield>
    <subfield code="f">1950 November 4</subfield>
    <subfield code="A">GND</subfield>
    <subfield code="B">GND-04015727X</subfield>
    <subfield code="C">430</subfield>
  </datafield>
  <datafield tag="GEL" ind1=" " ind2="0">
    <subfield code="a">Menschenrechtskonvention</subfield>
    <subfield code="f">1950 November 4</subfield>
    <subfield code="A">GND</subfield>
    <subfield code="B">GND-04015727X</subfield>
    <subfield code="C">430</subfield>
  </datafield>
  <datafield tag="GEL" ind1=" " ind2="0">
    <subfield code="a">EMRK</subfield>
    <subfield code="4">abku</subfield>
    <subfield code="4">http://d-nb.info/standards/elementset/gnd#abbreviatedNameForTheWork</subfield>
    <subfield code="w">r</subfield>
    <subfield code="i">Abkuerzung</subfield>
    <subfield code="A">GND</subfield>
    <subfield code="B">GND-04015727X</subfield>
    <subfield code="C">430</subfield>
  </datafield>
  <datafield tag="GEL" ind1=" " ind2="0">
    <subfield code="a">ECHR</subfield>
    <subfield code="4">abku</subfield>
    <subfield code="4">http://d-nb.info/standards/elementset/gnd#abbreviatedNameForTheWork</subfield>
    <subfield code="w">r</subfield>
    <subfield code="i">Abkuerzung</subfield>
    <subfield code="A">GND</subfield>
    <subfield code="B">GND-04015727X</subfield>
    <subfield code="C">430</subfield>
  </datafield>
  <datafield tag="GEL" ind1=" " ind2="0">
    <subfield code="a">European Convention on Human Rights</subfield>
    <subfield code="f">1950 November 4</subfield>
    <subfield code="A">GND</subfield>
    <subfield code="B">GND-04015727X</subfield>
    <subfield code="C">430</subfield>
  </datafield>
  <datafield tag="GSI" ind1="7" ind2=" ">
    <subfield code="a">http://d-nb.info/gnd/4015727-1</subfield>
    <subfield code="2">uri</subfield>
    <subfield code="A">GND</subfield>
    <subfield code="B">GND-04015727X</subfield>
    <subfield code="C">024</subfield>
  </datafield>
</record>